<?xml version="1.0" encoding="UTF-8"?><collection xmlns="http://www.loc.gov/MARC21/slim"><record><leader>00370nam--2200133-i-4500</leader><controlfield tag="001">000033993</controlfield><controlfield tag="002">20161230</controlfield><controlfield tag="005">20161230201039</controlfield><controlfield tag="008">060222s1000------------r-----000-0-eng-d</controlfield><datafield ind1=" " ind2=" " tag="080"><subfield code="a">541.28(043)</subfield></datafield><datafield ind1=" " ind2=" " tag="100"><subfield code="a">Mentz, Francois-henri</subfield></datafield><datafield ind1=" " ind2=" " tag="245"><subfield code="a">Etude comparative des proprietes de luminesence de thcl4 et thbr4.these</subfield></datafield><datafield ind1=" " ind2=" " tag="260"><subfield code="a">Paris, Universite, 1979. 65p</subfield></datafield><datafield ind1=" " ind2=" " tag="852"><subfield code="a">48390</subfield></datafield></record></collection>